<?xml version="1.0" encoding="UTF-8"?><collection xmlns="http://www.loc.gov/MARC21/slim"><record><leader>00330nam--2200133-i-4500</leader><controlfield tag="001">000043839</controlfield><controlfield tag="002">20161230</controlfield><controlfield tag="005">20161230201044</controlfield><controlfield tag="008">060222s1000------------r-----000-0-eng-d</controlfield><datafield ind1=" " ind2=" " tag="080"><subfield code="a">331/8./9</subfield></datafield><datafield ind1=" " ind2=" " tag="245"><subfield code="a">Studiul muncii. vol.iv: normele de munca</subfield></datafield><datafield ind1=" " ind2=" " tag="260"><subfield code="a">Bucuresti, Ed.Tehnica, 1972</subfield></datafield><datafield ind1=" " ind2=" " tag="700"><subfield code="a">Hidos,C.Siisac,P</subfield></datafield><datafield ind1=" " ind2=" " tag="852"><subfield code="a">35226</subfield></datafield></record></collection>